<?xml version="1.0" encoding="UTF-8"?><collection xmlns="http://www.loc.gov/MARC21/slim"><record><leader>00759nam--2200193-i-4500</leader><controlfield tag="001">000014192</controlfield><controlfield tag="002">20161230</controlfield><controlfield tag="005">20161230201030</controlfield><controlfield tag="008">060222s1000------------r-----000-0-eng-d</controlfield><datafield ind1=" " ind2=" " tag="020"><subfield code="a">0854981500</subfield></datafield><datafield ind1=" " ind2=" " tag="040"><subfield code="a">IFIN-HH</subfield></datafield><datafield ind1=" " ind2=" " tag="080"><subfield code="a">539.12.034:548.4:537.222.22(061.3)</subfield></datafield><datafield ind1="1" ind2=" " tag="100"><subfield code="a">Hasiguti, R.R</subfield></datafield><datafield ind1="1" ind2="0" tag="245"><subfield code="a">Defects and radiation effects in semiconductor s, 1980</subfield><subfield code="b">Invited and contributed papers from the eleventh international conference on defects and radiation effect in semiconductors held in oiso, japan, 8-11 september 1980</subfield><subfield code="c">R.r. hasiguti (ed.)</subfield></datafield><datafield ind1=" " ind2=" " tag="260"><subfield code="a">Bristol</subfield><subfield code="b">Institute Of Physics</subfield><subfield code="c">1981</subfield></datafield><datafield ind1=" " ind2=" " tag="300"><subfield code="a">XIV + 571 P</subfield></datafield><datafield ind1=" " ind2=" " tag="490"><subfield code="a">The Institute Of Physics Conference Series Number 59</subfield></datafield><datafield ind1=" " ind2=" " tag="852"><subfield code="a">70242</subfield><subfield code="c">539.12.04</subfield></datafield><datafield ind1=" " ind2=" " tag="CAT"><subfield code="a">Sys</subfield><subfield code="c">20120210</subfield><subfield code="h">114615</subfield></datafield></record></collection>